<?xml version="1.0" encoding="UTF-8"?><collection xmlns="http://www.loc.gov/MARC21/slim"><record><leader>00351nam--2200133-i-4500</leader><controlfield tag="001">000013623</controlfield><controlfield tag="002">20161230</controlfield><controlfield tag="005">20161230201030</controlfield><controlfield tag="008">060222s1000------------r-----000-0-eng-d</controlfield><datafield ind1=" " ind2=" " tag="100"><subfield code="a">Reynolds, Donald C.And Collins, Thomas C</subfield></datafield><datafield ind1=" " ind2=" " tag="245"><subfield code="a">Excitons their properties and uses</subfield></datafield><datafield ind1=" " ind2=" " tag="260"><subfield code="a">New York, Academic Press, 1981</subfield></datafield><datafield ind1=" " ind2=" " tag="490"><subfield code="a">X+291p</subfield></datafield><datafield ind1=" " ind2=" " tag="852"><subfield code="a">538.915</subfield></datafield></record></collection>